Dynamics under the Affordable Care Act.” Current Sociology 63(5):746–62.

Gurr, Barbara. 2014. Reproductive Justice: The Politics of Health Care for Native American Women. Rutgers University Press.

Hughes, Clarissa. 2019. “Rural Health.” Second Opinion: An Introduction to Health Sociology 205–27.

Kruse, Clemens Scott, Shelby Bouffard, Michael Dougherty, and Jenna Stewart Parro. 2016. “Telemedicine Use in Rural Native American Communities in the Era of the ACA: A Systematic Literature Review.” Journal of Medical Systems 40(6):145.